@inproceedings{Lazebnik:2006,
  author      = {Lazebnik, Svetlana and Schmid, Cordelia and Ponce, Jean},
  title       = {Beyond Bags of Features: Spatial Pyramid Matching for Recognizing Natural Scene Categories},
  booktitle   = {Proceedings of the 2006 IEEE Computer Society Conference on Computer Vision and Pattern Recognition - Volume 2},
  series      = {CVPR '06},
  year        = {2006},
  isbn        = {0-7695-2597-0},
  pages       = {2169--2178},
  numpages    = {10},
  url         = {http://dx.doi.org/10.1109/CVPR.2006.68},
  doi         = {10.1109/CVPR.2006.68},
  acmid       = {1153549},
  publisher   = {IEEE Computer Society},
  address     = {Washington, DC, USA},
} 

@inproceedings{Patterson:2012,
  author      = {Patterson, Genevieve},
  title       = {SUN Attribute Database: Discovering, Annotating, and Recognizing Scene Attributes},
  booktitle   = {Proceedings of the 2012 IEEE Conference on Computer Vision and Pattern Recognition (CVPR)},
  series      = {CVPR '12},
  year        = {2012},
  isbn        = {978-1-4673-1226-4},
  pages       = {2751--2758},
  numpages    = {8},
  url         = {http://dl.acm.org/citation.cfm?id=2354409.2355028},
  acmid       = {2355028},
  publisher   = {IEEE Computer Society},
  address     = {Washington, DC, USA},
  keywords    = {Databases,Sun,Visualization,Training,Accuracy,Taxonomy,Humans},
} 
